@online{NLPChunker,
author = {Steven Bird and Ewan Klein and Edward Loper},
title = {Natural Language Processing with Python},
chapter = {7. Extracting Information from Text},
publisher = {the authors},
year = {2009},
url = {http://www.nltk.org/book/ch07.html},
note = {Accessed: 29/11/2016}
}

@online{SPARQL,
author = {Eric Prud'hommeaux and Andy Seaborne},
title = {SPARQL Query Language for RDF},
publisher = {W3C},
year = {2013},
url = {https://www.w3.org/TR/rdf-sparql-query/},
note = {Accessed: 26/11/2016}
}