@online{senttok,
author = {Steven Bird and Ewan Klein and Edward Loper},
title = {Willy and Steven Bird and Edward Loper and Joel Notham and Arthur Darcet},
year = {2016},
url = {http://www.nltk.org/_modules/nltk/tokenize/punkt.html},
note = {Accessed: 02/12/2016}
}

@report{compling,
author = {Tibor Kiss and Jan Strunk},
title = {Willy and Steven Bird and Edward Loper and Joel Notham and Arthur Darcet},
year = {2006},
url = {http://www.mitpressjournals.org/doi/pdf/10.1162/coli.2006.32.4.485},
note = {Accessed: 02/12/2016}
}